@book{FPGA-WolfWayne,
author = {Wolf, Wayne},
title = {FPGA-Based System Design},
year = {2004},
isbn = {0131424610},
publisher = {Prentice Hall PTR},
address = {USA}
}

@book{IntoducciónVHDL,
author = {Sánchez-Élez, Marcos},
title = {Introducción a la programación en VHDL}
}

@article{PDG2020_Passage,
  author       = {D. E. Groom and S. R. Klein and P. A. Zyla et al. (Particle Data Group)},
  title        = {Passage of Particles Through Matter},
  journal      = {Progress of Theoretical and Experimental Physics},
  year         = {2020},
  volume       = {2020},
  number       = {8},
  pages        = {083C01},
  month        = {August},
  note         = {Revised August 2019},
  url          = {https://pdg.lbl.gov/2020/reviews/rpp2020-rev-passage-particles-matter.pdf}
}
